<collection xmlns="http://www.loc.gov/MARC21/slim">
<record>
  <leader>01343nam0a2200265 i 450 </leader>
  <controlfield tag="001">IT\ICCU\CNCE\048138</controlfield>
  <controlfield tag="005">20051006000000.0</controlfield>
  <datafield tag="012" ind1=" " ind2=" ">
    <subfield code="a">tee. e-al ony- maci (3) 1554 (A)</subfield>
    <subfield code="2">fei</subfield>
  </datafield>
  <datafield tag="100" ind1=" " ind2=" ">
    <subfield code="a">19990315d1554        0itac0103    ba</subfield>
  </datafield>
  <datafield tag="101" ind1=" " ind2=" ">
    <subfield code="a">SPA</subfield>
  </datafield>
  <datafield tag="102" ind1=" " ind2=" ">
    <subfield code="a">IT</subfield>
  </datafield>
  <datafield tag="200" ind1="1" ind2=" ">
    <subfield code="a">Vysyon delectable de la philosopia y artes liberales. A do por muy sotil artificio se declaran altos secretos. Y per fyn las 24 coplas de don George Manrique</subfield>
  </datafield>
  <datafield tag="210" ind1=" " ind2=" ">
    <subfield code="a">Estampado en Ferrara</subfield>
    <subfield code="c">\Abraham Olschki!</subfield>
    <subfield code="d">marȯ 1554</subfield>
    <subfield code="e">Acabose la presente obra en Ferrara</subfield>
    <subfield code="g">\Abraham Olschki!</subfield>
    <subfield code="h">a 15 de marȯ 1554</subfield>
  </datafield>
  <datafield tag="215" ind1=" " ind2=" ">
    <subfield code="a">\4!, CLXXI, \9! c.</subfield>
    <subfield code="d">8ʻ</subfield>
  </datafield>
  <datafield tag="620" ind1=" " ind2=" ">
    <subfield code="a">IT</subfield>
    <subfield code="d">Ferrara</subfield>
  </datafield>
  <datafield tag="700" ind1=" " ind2="1">
    <subfield code="a">Torre,</subfield>
    <subfield code="b">Alfonso : de#la</subfield>
    <subfield code="3">IT\ICCU\CNCA\007947</subfield>
  </datafield>
  <datafield tag="702" ind1=" " ind2="1">
    <subfield code="a">Manrique,</subfield>
    <subfield code="b">Jorge</subfield>
    <subfield code="3">IT\ICCU\CNCA\013373</subfield>
  </datafield>
  <datafield tag="712" ind1="0" ind2="0">
    <subfield code="a">Olschki, Abraham</subfield>
    <subfield code="3">IT\ICCU\CNCT\001017</subfield>
    <subfield code="4">650</subfield>
  </datafield>
  <datafield tag="790" ind1=" " ind2="1">
    <subfield code="a">Manrique de Lara,</subfield>
    <subfield code="b">Jorge</subfield>
    <subfield code="3">IT\ICCU\CNCA\025843</subfield>
    <subfield code="z">Manrique, Jorge</subfield>
  </datafield>
  <datafield tag="791" ind1="0" ind2="0">
    <subfield code="a">Usque, Abraham</subfield>
    <subfield code="3">IT\ICCU\CNCT\002248</subfield>
    <subfield code="z">Olschki, Abraham</subfield>
  </datafield>
  <datafield tag="791" ind1="0" ind2="0">
    <subfield code="a">Pinel, Duarte</subfield>
    <subfield code="3">IT\ICCU\CNCT\002249</subfield>
    <subfield code="z">Olschki, Abraham</subfield>
  </datafield>
  <datafield tag="801" ind1=" " ind2="3">
    <subfield code="a">IT</subfield>
    <subfield code="b">ICCU</subfield>
    <subfield code="c">20201115</subfield>
  </datafield>
  <datafield tag="899" ind1=" " ind2=" ">
    <subfield code="a">Biblioteca universitaria Alessandrina. Roma</subfield>
    <subfield code="1">RM0280</subfield>
    <subfield code="2">RML 01</subfield>
  </datafield>
  <datafield tag="911" ind1=" " ind2=" ">
    <subfield code="a">Nel coloph.</subfield>
    <subfield code="9">IT\ICCU\CNCM\002022</subfield>
  </datafield>
  <datafield tag="921" ind1=" " ind2=" ">
    <subfield code="a">IT\ICCU\CNCM\002022</subfield>
    <subfield code="b">Sfera armillare poggiata su ancora. In basso iniziali A.V.</subfield>
    <subfield code="e">In te Domine spes mea</subfield>
    <subfield code="c">U592</subfield>
    <subfield code="d">Dimensioni. 4,8 x 6,7</subfield>
    <subfield code="f">SFERA</subfield>
    <subfield code="f">ANCORA</subfield>
    <subfield code="f">AV</subfield>
    <subfield code="g">1554</subfield>
  </datafield>
</record>
</collection>
